@book{serre,
  title = {local fields},
  volume = {67},
  series = {graduate texts in mathematics},
  publisher = {springer new york},
  author = {serre, jean-pierre},
  date = {1979},
}
