@book{serre,
  title = {Local Fields},
  volume = {67},
  series = {Graduate Texts in Mathematics},
  publisher = {Springer New York},
  author = {Serre, Jean-Pierre},
  date = {1979},
}
